%Se añade el código "Bibtex". Cabe resaltar que el nombre de la referencia se acompaña tras el primer corchete. En este caso se nombro como cemento.%
@book{cemento,
  title={Prontuario del cemento},
  author={Labahn, Otto and Kohlhaas, B},
  year={1985},
  publisher={Reverte}
}